@inproceedings{nicolas:hal-01932552,
  TITLE = {{Efficient renaming in CRDTs}},
  AUTHOR = {Nicolas, Matthieu},
  URL = {https://hal.inria.fr/hal-01932552},
  BOOKTITLE = {{Middleware 2018 - 19th ACM/IFIP International Middleware Conference (Doctoral Symposium)}},
  ADDRESS = {Rennes, France},
  YEAR = {2018},
  MONTH = Dec,
  PDF = {https://hal.inria.fr/hal-01932552/file/position-paper.pdf},
  HAL_ID = {hal-01932552},
  HAL_VERSION = {v1},
}

@inproceedings{nicolas:hal-02526724,
  TITLE = {{Efficient Renaming in Sequence CRDTs}},
  AUTHOR = {Nicolas, Matthieu and Oster, G{\'e}rald and Perrin, Olivier},
  URL = {https://hal.inria.fr/hal-02526724},
  BOOKTITLE = {{7th Workshop on Principles and Practice of Consistency for Distributed Data (PaPoC'20)}},
  ADDRESS = {Heraklion, Greece},
  YEAR = {2020},
  MONTH = Apr,
  KEYWORDS = {eventual consistency ; real-time collaborative editing ; CRDTs ; memory-wise optimisation ; performance},
  PDF = {https://hal.inria.fr/hal-02526724/file/main.pdf},
  HAL_ID = {hal-02526724},
  HAL_VERSION = {v1},
}
